<?xml version="1.0" encoding="UTF-8"?><collection xmlns="http://www.loc.gov/MARC21/slim"><record><leader>00408nam--2200133-i-4500</leader><controlfield tag="001">000030918</controlfield><controlfield tag="002">20161230</controlfield><controlfield tag="005">20161230201038</controlfield><controlfield tag="008">060222s1000------------r-----000-0-eng-d</controlfield><datafield ind1=" " ind2=" " tag="080"><subfield code="a">51(075.3):53:54</subfield></datafield><datafield ind1=" " ind2=" " tag="100"><subfield code="a">Mellor, J.W</subfield></datafield><datafield ind1=" " ind2=" " tag="245"><subfield code="a">Higher mathematics for students of chemistry and physics with special reference to practical work</subfield></datafield><datafield ind1=" " ind2=" " tag="260"><subfield code="a">London, Constable &amp; Co.Ltd., 1955. Xxi+641+15p</subfield></datafield><datafield ind1=" " ind2=" " tag="852"><subfield code="a">17394</subfield></datafield></record></collection>